@Preamble{{\frenchspacing}}

@Book{scheme,
  author =	 {R. Kent Dybvig},
  ALTeditor = 	 {},
  title = 	 {The Scheme Programming Language --- ANSI Scheme},
  publisher = 	 {Prentice Hall},
  year = 	 {1996},
  OPTkey = 	 {},
  OPTvolume = 	 {},
  OPTnumber = 	 {},
  OPTseries = 	 {},
  OPTaddress = 	 {},
  edition =	 {2nd},
  OPTmonth = 	 {},
  OPTnote = 	 {},
  OPTannote = 	 {}
}

@netdoc{java,
  OPTkey = 	 {},
  author =	 {Sun Microsystems},
  title =	 {Java Code Conventions},
  howpublished = {\ltiurl{http://java.sun.com/docs/codeconv/html/CodeConvTOC.doc.html}},
  month =	 {April},
  year =	 {1999},
  OPTnote = 	 {},
  OPTannote = 	 {}
}

@netdoc{docxx,
  OPTkey = 	 {},
  author =	 {Malte Zöckler and Roland Wunderling},
  title =	 {Doc++},
  howpublished = {\url{http://tintas/external/doc++/}},
  month =	 {April},
  year =	 {1999},
  OPTnote = 	 {},
  OPTannote = 	 {}
}

@netdoc{doxygen,
  OPTkey = 	 {},
  author =	 {Dimitri van Heesch},
  title =	 {Doxygen},
  howpublished = {\url{http://www.doxygen.org/}},
  month =	 {April},
  year =	 {1997-2003},
  OPTnote = 	 {},
  OPTannote = 	 {}
}


@netdoc{report,
  OPTkey = 	 {},
  author =	 {Richard Kelsey and William Clinger and Jonathan Rees (Editors)},
  title =	 {Revised$^5$ Report on the Algorithmic Language Scheme},
  howpublished = {\url{http://www-swiss.ai.mit.edu/\~jaffer/r5rs\_toc.html}},
  month =	 {Dec.},
  year =	 {1998},
  OPTnote = 	 {},
  OPTannote = 	 {}
}

@netdoc{stl,
  author =	 {{Silicon Graphics Computer Systems, Inc.}},
  title =	 {Standard Template Library, Programmer's Guide},
  howpublished = {\url{http://www.sgi.com/Technology/STL/}},
  month =	 {},
  year =	 {1999},
}

@Book{primer,
  author =	 {Stanley B. Lippman and Jos{é}e Lajoie},
  ALTeditor = 	 {},
  title = 	 {C++ Primer},
  publisher = 	 {Addison-Wesley},
  year = 	 {1998},
  OPTkey = 	 {},
  OPTvolume = 	 {},
  OPTnumber = 	 {},
  OPTseries = 	 {},
  address =	 {Reading, MA},
  edition =	 {3rd},
  OPTmonth = 	 {},
  OPTnote = 	 {},
  OPTannote = 	 {}
}

@Book{stroustrup,
  author =	 {Bjarne Stroustrup},
  ALTeditor = 	 {},
  title = 	 {Die C++-Programmiersprache (3. Auflage)},
  publisher = 	 {Addison-Wesley},
  year = 	 {1998},
  OPTkey = 	 {},
  OPTvolume = 	 {},
  OPTnumber = 	 {},
  OPTseries = 	 {},
  address =	 {Bonn},
  OPTmonth = 	 {},
  OPTannote = 	 {}
}









